<record><leader>00000cas a2200000 a 4500</leader><controlfield tag="001">11632598</controlfield><controlfield tag="008">850129d19071916iaudn ne      0    0eng c</controlfield><datafield ind1=" " ind2=" " tag="010"><subfield code="a">sn 84045115 </subfield></datafield><datafield ind1=" " ind2=" " tag="040"><subfield code="a">INP</subfield><subfield code="b">eng</subfield><subfield code="c">INP</subfield><subfield code="d">NVF</subfield><subfield code="d">OCLCQ</subfield><subfield code="d">OCLCF</subfield><subfield code="d">OCLCO</subfield></datafield><datafield ind1="1" ind2=" " tag="029"><subfield code="a">AU@</subfield><subfield code="b">000020351032</subfield></datafield><datafield ind1=" " ind2=" " tag="042"><subfield code="a">pcc</subfield></datafield><datafield ind1=" " ind2=" " tag="043"><subfield code="a">n-us-ia</subfield></datafield><datafield ind1="0" ind2="4" tag="245"><subfield code="a">The Iowa City citizen.</subfield></datafield><datafield ind1="1" ind2="3" tag="246"><subfield code="a">Daily citizen</subfield></datafield><datafield ind1=" " ind2=" " tag="260"><subfield code="a">Iowa City, Iowa :</subfield><subfield code="b">Elmer E. Johnston,</subfield><subfield code="c">1907-1916.</subfield></datafield><datafield ind1=" " ind2=" " tag="300"><subfield code="a">v.</subfield></datafield><datafield ind1=" " ind2=" " tag="310"><subfield code="a">Daily (except Sunday),</subfield><subfield code="b">July 18, 1910-July 13, 1916</subfield></datafield><datafield ind1=" " ind2=" " tag="321"><subfield code="a">Triweekly,</subfield><subfield code="b">Dec. 20, 1907-July 15, 1910</subfield></datafield><datafield ind1="0" ind2=" " tag="362"><subfield code="a">17th year, no. 146 (Dec. 20, 1907)-26th year, no. 145 (July 13, 1916).</subfield></datafield><datafield ind1=" " ind2="0" tag="651"><subfield code="a">Iowa City (Iowa)</subfield><subfield code="v">Newspapers.</subfield></datafield><datafield ind1=" " ind2="7" tag="655"><subfield code="a">Newspapers.</subfield><subfield code="2">fast</subfield><subfield code="0">(OCoLC)fst01423814</subfield></datafield><datafield ind1=" " ind2="7" tag="651"><subfield code="a">Iowa</subfield><subfield code="z">Iowa City.</subfield><subfield code="2">fast</subfield><subfield code="0">(OCoLC)fst01208636</subfield></datafield><datafield ind1=" " ind2=" " tag="752"><subfield code="a">United States</subfield><subfield code="b">Iowa</subfield><subfield code="c">Johnson</subfield><subfield code="d">Iowa City.</subfield></datafield><datafield ind1="0" ind2="0" tag="780"><subfield code="t">Iowa citizen (Iowa City, Iowa)</subfield><subfield code="w">(DLC)sn 84045113</subfield><subfield code="w">(OCoLC)11632583</subfield></datafield><datafield ind1="0" ind2="0" tag="785"><subfield code="t">Iowa City daily citizen</subfield><subfield code="w">(DLC)sn 84045116</subfield></datafield></record>